@book{APAStyle6th,
   author = {{American Psychological Association}},
   title = {Publication Manual of the American Psychological Association},
   edition = {6th},
   publisher = {American Psychological Association},
   pages ={272},
   year = {2010},
   type = {Book}
}


@article{PsychSciSubmissions2020,
   author = {},
   title = {Psychological Science 2020 Submission Guidelines},
   publisher = {Association for Psychological Science},
   urldate= {2020-08-11},
   url-modified = {2020-07-13},
   url = {https://www.psychologicalscience.org/publications/psychological_science/ps-submissions},
   year = {2020},
   type = {Web Page}
}


@misc{PsychSciFigs2013,
   title = {{APS} Figure Format and Style Guidelines},
   publisher = {Association for Psychological Science},
   month = {10},
   url = {https://www.psychologicalscience.org/publications/aps-figure-format-style-guidelines},
   urldate= {2020-08-11},
   year = {2013},
   type = {Web Page}
}

@misc{APSStructStyle,
   title = {Manuscript Structure, Style, and Content Guidelines},
   publisher = {Association for Psychological Science},
   url = {https://www.psychologicalscience.org/publications/ms-structure-guidelines},
   urldate= {2020-08-11},
   month = {},
   year = {},
   type = {Web Page}
}


Manuscript Structure, Style, and Content Guidelines } (MSSCG)



@ARTICLE{Lamport1986,
   author = {L[eslie] A. Lamport},
   title = {The Gnats and Gnus Document Preparation System},
   journal = {G-Animal's Journal},
   year = 1986,
   volume = 41,
   number = 7,
   pages = "73+",
   month = jul,
}


@article{UDCK2020,
   author = {Urbach, Thomas P and DeLong, Katherine A. and Chan,
                  Wen-Hsuan and Kutas, Marta},
   title = {An exploratory data analysis of word form prediction in
                  word-by-word reading},
   journal = {Proceedings of the National Academy of Sciences},
   volume = {XXX},
   number = {XXX},
   year = {2020},
   type = {Journal Article}
}

